@book{aigner2011visualization,
    title={Visualization of time-oriented data},
    author={Aigner, Wolfgang and Miksch, Silvia and Schumann, Heidrun and Tominski, Christian},
    year={2011},
    publisher={Springer Science \& Business Media}
}
%
@article{ashby2010opportunities,
    title={The opportunities and challenges of exascale computing},
    author={Ashby, Steve and Beckman, Pete and Chen, Jackie and Colella, Phil and Collins, Bill and Crawford, Dona and Dongarra, Jack and Kothe, Doug and Lusk, Rusty and Messina, Paul and others},
    journal={Summary Report of the Advanced Scientific Computing Advisory Committee (ASCAC) Subcommittee},
    pages={1--77},
    year={2010}
}
%
@inproceedings{daly2011tools,
    title={Tools for exascale computing: Challenges and strategies},
    author={Daly, J and Hollingsworth, J and Hovland, P and Janssen, C and Marques, O and Mellor-Crummey, J and Miller, B and Quinlan, D and Roth, P and Schulz, M and others},
    booktitle={ASCR Exascale Tools Workshop},
    year={2011}
}
%
@techreport{hoisie2012ascr,
    title={ASCR modeling and simulation of exascale systems and applications workshop},
    author={Hoisie, A and Kerbyson, D and Lucas, R and Rodrigues, A and Shalf, J and Vetter, J},
    year={2012},
    institution={Technical report, United States Department of Energy}
}
%
@article{jo2014livegantt,
    title={LiveGantt: Interactively visualizing a large manufacturing schedule},
    author={Jo, Jaemin and Huh, Jaeseok and Park, Jonghun and Kim, Bohyoung and Seo, Jinwook},
    journal={IEEE transactions on visualization and computer graphics},
    volume={20},
    number={12},
    pages={2329--2338},
    year={2014},
    publisher={IEEE}
}
%
@inproceedings{huang2009visualization,
    title={Visualization techniques for schedule comparison},
    author={Huang, Dandan and Tory, Melanie and Staub-French, Sheryl and Pottinger, Rachel},
    booktitle={Computer Graphics Forum},
    volume={28},
    number={3},
    pages={951--958},
    year={2009},
    organization={Wiley Online Library}
}
%
@article{isaacs2014combing,
    title={Combing the communication hairball: Visualizing parallel execution traces using logical time},
    author={Isaacs, Katherine E and Bremer, Peer-Timo and Jusufi, Ilir and Gamblin, Todd and Bhatele, Abhinav and Schulz, Martin and Hamann, Bernd},
    journal={IEEE transactions on visualization and computer graphics},
    volume={20},
    number={12},
    pages={2349--2358},
    year={2014},
    publisher={IEEE}
}
%
@inproceedings{tohid2018asynchronous,
    title={Asynchronous Execution of Python Code on Task-Based Runtime Systems},
    author={Tohid, R and Wagle, Bibek and Shirzad, Shahrzad and Diehl, Patrick and Serio, Adrian and Kheirkhahan, Alireza and Amini, Parsa and Williams, Katy and Isaacs, Kate and Huck, Kevin and others},
    booktitle={2018 IEEE/ACM 4th International Workshop on Extreme Scale Programming Models and Middleware (ESPM2)},
    pages={37--45},
    year={2018},
    organization={IEEE}
}
%
@book{zhu2013data,
    title={Data visualization with D3. js cookbook},
    author={Zhu, Nick Qi},
    year={2013},
    publisher={Packt Publishing Ltd}
}
%
@incollection{knupfer2012score,
    title={Score-p: A joint performance measurement run-time infrastructure for periscope, scalasca, tau, and vampir},
    author={Kn{\"u}pfer, Andreas and R{\"o}ssel, Christian and an Mey, Dieter and Biersdorff, Scott and Diethelm, Kai and Eschweiler, Dominic and Geimer, Markus and Gerndt, Michael and Lorenz, Daniel and Malony, Allen and others},
    booktitle={Tools for High Performance Computing 2011},
    pages={79--91},
    year={2012},
    publisher={Springer}
}
%
@inproceedings{luz2007visualisation,
    title={Visualisation of parallel data streams with temporal mosaics},
    author={Luz, Saturnino and Masoodian, Masood},
    booktitle={2007 11th International Conference Information Visualization (IV'07)},
    pages={197--202},
    year={2007},
    organization={IEEE}
}
%
@inproceedings{aigner2005planninglines,
    title={PlanningLines: novel glyphs for representing temporal uncertainties and their evaluation},
    author={Aigner, Wolfgang and Miksch, Silvia and Thurnher, Bettina and Biffl, Stefan},
    booktitle={Ninth International Conference on Information Visualisation (IV'05)},
    pages={457--463},
    year={2005},
    organization={IEEE}
}
%
@misc{Traveler2019,
    author = {Bigelow, Alex and Williams, Katy and Isaacs, Kate},
    title = {Traveler Integrated},
    year = {2019},
    publisher = {GitHub},
    journal = {GitHub repository},
    howpublished = {\url{https://github.com/alex-r-bigelow/traveler-integrated}},
    commit = {91f30529b408c06c750bdff14376ee05ebc2ad4b}
}
%
@misc{IntervalTree2019,
    author = {Halbert, Chaim-Leib},
    title = {intervaltree},
    year = {2019},
    publisher = {GitHub},
    journal = {GitHub repository},
    howpublished = {\url{https://github.com/chaimleib/intervaltree}}
}
%
@misc{shelvePython2019,
    author = {Foundation, Python Software},
    title = {shelve -- Python object persistence},
    year = {2019},
    publisher = {Python},
    journal = {Python Documentation 3.8.0},
    howpublished = {\url{https://docs.python.org/3/library/shelve.html}}
}
%
@misc{picklePython2019,
    author = {Foundation, Python Software},
    title = {pickle -- Python object serialization},
    year = {2019},
    publisher = {Python},
    journal = {Python Documentation 3.8.0},
    howpublished = {\url{https://docs.python.org/3/library/pickle.html}}
}
%
@misc{dictionaryPython2019,
    author = {Foundation, Python Software},
    title = {Dictionaries -- Python Data Structures},
    year = {2019},
    publisher = {Python},
    journal = {Python Tutorial 3.8.0},
    howpublished = {\url{https://docs.python.org/3/tutorial/datastructures.html#dictionaries}}
}
%
@book{kerrisk2010linux,
    title={The Linux programming interface: a Linux and UNIX system programming handbook},
    author={Kerrisk, Michael},
    year={2010},
    publisher={No Starch Press}
}
%
@inproceedings{Koren:2018:EOD:3184558.3188740,
    author = {Koren, Istv\'{a}n and Klamma, Ralf},
    title = {The Exploitation of OpenAPI Documentation for the Generation of Web Frontends},
    booktitle = {Companion Proceedings of the The Web Conference 2018},
    series = {WWW '18},
    year = {2018},
    isbn = {978-1-4503-5640-4},
    location = {Lyon, France},
    pages = {781--787},
    numpages = {7},
    url = {https://doi.org/10.1145/3184558.3188740},
    doi = {10.1145/3184558.3188740},
    acmid = {3188740},
    publisher = {International World Wide Web Conferences Steering Committee},
    address = {Republic and Canton of Geneva, Switzerland},
    keywords = {ifml, interaction design, openapi, web components},
}
%
@software{otf2_developer_community_2019_3356709,
    author       = {OTF2  developer community},
    title        = {Open Trace Format Version 2 {(OTF2)}},
    month        = July,
    year         = 2019,
    publisher    = {Zenodo},
    version      = {2.2},
    doi          = {10.5281/zenodo.3356709},
    url          = {https://doi.org/10.5281/zenodo.3356709}
}
%
@inproceedings{tao2001mv3r,
    title={MV3R-Tree: A Spatio-Temporal Access Method for Timestamp and Interval Queries.},
    author={Tao, Yufei and Papadias, Dimitris},
    booktitle={VLDB},
    volume={1},
    pages={431--440},
    year={2001}
}
%
@article{williams2019visualizing,
    title={Visualizing a Moving Target: A Design Study on Task Parallel Programs in the Presence of Evolving Data and Concerns},
    author={Williams, Katy and Bigelow, Alex and Isaacs, Kate},
    journal={arXiv preprint arXiv:1905.13135},
    year={2019}
}
%
@article{yi2007toward,
    title={Toward a deeper understanding of the role of interaction in information visualization},
    author={Yi, Ji Soo and ah Kang, Youn and Stasko, John},
    journal={IEEE transactions on visualization and computer graphics},
    volume={13},
    number={6},
    pages={1224--1231},
    year={2007},
    publisher={IEEE}
}
%
@incollection{terpstra2010collecting,
    title={Collecting performance data with PAPI-C},
    author={Terpstra, Dan and Jagode, Heike and You, Haihang and Dongarra, Jack},
    booktitle={Tools for High Performance Computing 2009},
    pages={157--173},
    year={2010},
    publisher={Springer}
}
%
@article{bostock2011d3,
    title={D$^3$ data-driven documents},
    author={Bostock, Michael and Ogievetsky, Vadim and Heer, Jeffrey},
    journal={IEEE transactions on visualization and computer graphics},
    volume={17},
    number={12},
    pages={2301--2309},
    year={2011},
    publisher={IEEE}
}
%
@article{huang2018optimization,
    title={Optimization for active learning-based interactive database exploration},
    author={Huang, Enhui and Peng, Liping and Palma, Luciano Di and Abdelkafi, Ahmed and Liu, Anna and Diao, Yanlei},
    journal={Proceedings of the VLDB Endowment},
    volume={12},
    number={1},
    pages={71--84},
    year={2018},
    publisher={VLDB Endowment}
}
%

@inproceedings{battle2016dynamic,
    title={Dynamic prefetching of data tiles for interactive visualization},
    author={Battle, Leilani and Chang, Remco and Stonebraker, Michael},
    booktitle={Proceedings of the 2016 International Conference on Management of Data},
    pages={1363--1375},
    year={2016}
}
%
@inproceedings{tao2019kyrix,
    title={Kyrix: Interactive pan/zoom visualizations at scale},
    author={Tao, Wenbo and Liu, Xiaoyu and Wang, Yedi and Battle, Leilani and Demiralp, {\c{C}}a{\u{g}}atay and Chang, Remco and Stonebraker, Michael},
    booktitle={Computer Graphics Forum},
    volume={38},
    number={3},
    pages={529--540},
    year={2019},
    organization={Wiley Online Library}
}
%
@article{battle2019role,
    title={The Role of Latency and Task Complexity in Predicting Visual Search Behavior},
    author={Battle, Leilani and Crouser, R Jordan and Nakeshimana, Audace and Montoly, Ananda and Chang, Remco and Stonebraker, Michael},
    journal={IEEE transactions on visualization and computer graphics},
    volume={26},
    number={1},
    pages={1246--1255},
    year={2019},
    publisher={IEEE}
}
%
@article{battle2014dynamic,
    title={Dynamic generation and prefetching of data chunks for exploratory visualization},
    author={Battle, Leilani and Chang, Remco and Stonebraker, Michael},
    journal={IEEE InfoVis Posters Track},
    year={2014}
}
%
@inproceedings{liu2013immens,
    title={imMens: Real-time visual querying of big data},
    author={Liu, Zhicheng and Jiang, Biye and Heer, Jeffrey},
    booktitle={Computer Graphics Forum},
    volume={32},
    number={3pt4},
    pages={421--430},
    year={2013},
    organization={Wiley Online Library}
}
%
@inproceedings{liu2019improvement,
    title={Improvement of SQL Recommendation on Scientific Database},
    author={Liu, Jianjun and Zolaktaf, Zainab and Pottinger, Rachel and Milani, Mostafa},
    booktitle={Proceedings of the 31st International Conference on Scientific and Statistical Database Management},
    pages={206--209},
    year={2019}
}
%
@inproceedings{huang2019aideme,
    title={AIDEme: An active learning based system for interactive exploration of large datasets},
    author={Huang, Enhui and Palma, Luciano and Cetinsoy, Laurent and Diao, Yanlei and Liu, Anna},
    booktitle={NeurIPS 2019},
    year={2019}
}
%
@article{liu2018analysis,
     title={An analysis of query-agnostic sampling for interactive data exploration},
     author={Liu, Wenzhao and Diao, Yanlei and Liu, Anna},
     journal={Communications in Statistics-Theory and Methods},
     volume={47},
     number={16},
     pages={3820--3837},
     year={2018},
     publisher={Taylor \& Francis}
}
%
@inproceedings{dimitriadou2014explore,
    title={Explore-by-example: An automatic query steering framework for interactive data exploration},
    author={Dimitriadou, Kyriaki and Papaemmanouil, Olga and Diao, Yanlei},
    booktitle={Proceedings of the 2014 ACM SIGMOD international conference on Management of data},
    pages={517--528},
    year={2014}
}
%
@article{suykens1999least,
    title={Least squares support vector machine classifiers},
    author={Suykens, Johan AK and Vandewalle, Joos},
    journal={Neural processing letters},
    volume={9},
    number={3},
    pages={293--300},
    year={1999},
    publisher={Springer}
}
%